<collection xmlns="http://www.loc.gov/MARC21/slim">
<record>
  <leader>01887nam0a22003251i 450 </leader>
  <controlfield tag="001">IT\ICCU\CNCE\062843</controlfield>
  <controlfield tag="005">20051219000000.0</controlfield>
  <datafield tag="012" ind1=" " ind2=" ">
    <subfield code="a">r-us 94ra t.su SeSe (3) 1515 (R)</subfield>
    <subfield code="2">fei</subfield>
  </datafield>
  <datafield tag="100" ind1=" " ind2=" ">
    <subfield code="a">20051207d1515        0itac0103    ba</subfield>
  </datafield>
  <datafield tag="101" ind1=" " ind2=" ">
    <subfield code="a">LAT</subfield>
  </datafield>
  <datafield tag="102" ind1=" " ind2=" ">
    <subfield code="a">IT</subfield>
  </datafield>
  <datafield tag="200" ind1="1" ind2=" ">
    <subfield code="a">Opus quidem diuinum antea impressorum uitio: tetrum: mancum: &amp; iutile (|) nunc autem a uiro bene docto recognitum: adeoque diligenti castigatione excultum: tum in commento deficiat: ut facile legentibus uidere est. Scribente Ioanne britanico ... / IuniusIuuenalis</subfield>
  </datafield>
  <datafield tag="210" ind1=" " ind2=" ">
    <subfield code="e">Venetiis</subfield>
    <subfield code="g">per Georgium de Rusconibus mediolanensis</subfield>
    <subfield code="h">1515 die X. Decembris</subfield>
  </datafield>
  <datafield tag="215" ind1=" " ind2=" ">
    <subfield code="a">\6!, 126 c.</subfield>
    <subfield code="c">ill.</subfield>
    <subfield code="d">fol</subfield>
  </datafield>
  <datafield tag="300" ind1=" " ind2=" ">
    <subfield code="a"></subfield>
  </datafield>
  <datafield tag="620" ind1=" " ind2=" ">
    <subfield code="a">IT</subfield>
    <subfield code="d">Venezia</subfield>
  </datafield>
  <datafield tag="700" ind1=" " ind2="1">
    <subfield code="a">Iuvenalis,</subfield>
    <subfield code="b">Decimus Iunius</subfield>
    <subfield code="3">IT\ICCU\CNCA\002272</subfield>
  </datafield>
  <datafield tag="702" ind1=" " ind2="1">
    <subfield code="a">Britannico,</subfield>
    <subfield code="b">Giovanni</subfield>
    <subfield code="3">IT\ICCU\CNCA\002041</subfield>
  </datafield>
  <datafield tag="712" ind1="0" ind2="0">
    <subfield code="a">Rusconi, Giorgio</subfield>
    <subfield code="3">IT\ICCU\CNCT\000072</subfield>
    <subfield code="4">650</subfield>
  </datafield>
  <datafield tag="790" ind1=" " ind2="1">
    <subfield code="a">Giovenale,</subfield>
    <subfield code="b">Decimo Giunio</subfield>
    <subfield code="3">IT\ICCU\CNCA\014195</subfield>
    <subfield code="z">Iuvenalis, Decimus Iunius</subfield>
  </datafield>
  <datafield tag="790" ind1=" " ind2="0">
    <subfield code="a">Iuvenalis</subfield>
    <subfield code="3">IT\ICCU\CNCA\020219</subfield>
    <subfield code="z">Iuvenalis, Decimus Iunius</subfield>
  </datafield>
  <datafield tag="790" ind1=" " ind2="1">
    <subfield code="a">Juvenalis,</subfield>
    <subfield code="b">Decimus Junius</subfield>
    <subfield code="3">IT\ICCU\CNCA\023048</subfield>
    <subfield code="z">Iuvenalis, Decimus Iunius</subfield>
  </datafield>
  <datafield tag="790" ind1=" " ind2="1">
    <subfield code="a">Britannicus,</subfield>
    <subfield code="b">Iohannes</subfield>
    <subfield code="3">IT\ICCU\CNCA\026274</subfield>
    <subfield code="z">Britannico, Giovanni</subfield>
  </datafield>
  <datafield tag="791" ind1="0" ind2="0">
    <subfield code="a">Rusconibus, Georgius de</subfield>
    <subfield code="3">IT\ICCU\CNCT\005483</subfield>
    <subfield code="z">Rusconi, Giorgio</subfield>
  </datafield>
  <datafield tag="791" ind1="0" ind2="0">
    <subfield code="a">Rusco, Georgius</subfield>
    <subfield code="3">IT\ICCU\CNCT\005485</subfield>
    <subfield code="z">Rusconi, Giorgio</subfield>
  </datafield>
  <datafield tag="791" ind1="0" ind2="0">
    <subfield code="a">Ruschoni, Zorzi di</subfield>
    <subfield code="3">IT\ICCU\CNCT\005487</subfield>
    <subfield code="z">Rusconi, Giorgio</subfield>
  </datafield>
  <datafield tag="801" ind1=" " ind2="3">
    <subfield code="a">IT</subfield>
    <subfield code="b">ICCU</subfield>
    <subfield code="c">20201115</subfield>
  </datafield>
  <datafield tag="899" ind1=" " ind2=" ">
    <subfield code="a">Biblioteca nazionale centrale. Firenze</subfield>
    <subfield code="1">FI0098</subfield>
    <subfield code="2">CFI CF</subfield>
  </datafield>
  <datafield tag="899" ind1=" " ind2=" ">
    <subfield code="a">Biblioteca civica centrale. Torino</subfield>
    <subfield code="1">TO0240</subfield>
    <subfield code="2">BCT 01</subfield>
  </datafield>
  <datafield tag="921" ind1=" " ind2=" ">
    <subfield code="a">IT\ICCU\CNCM\000532</subfield>
    <subfield code="b">S. Giorgio uccide il drago; sullo sfondo donna in preghiera, castello con re e regina. Iniziali: FV.</subfield>
    <subfield code="c">K272</subfield>
    <subfield code="c">Z666</subfield>
    <subfield code="f">CASTELLO</subfield>
    <subfield code="f">DRAGO</subfield>
    <subfield code="f">FV</subfield>
    <subfield code="f">GIORGIO</subfield>
    <subfield code="f">RE</subfield>
    <subfield code="g">1508-1524</subfield>
  </datafield>
</record>
</collection>
